<?xml version="1.0" encoding="UTF-8"?><collection xmlns="http://www.loc.gov/MARC21/slim"><record><leader>00520nam--2200169-i-4500</leader><controlfield tag="001">000050053</controlfield><controlfield tag="002">20161230</controlfield><controlfield tag="005">20161230201048</controlfield><controlfield tag="008">060222s1000------------r-----000-0-eng-d</controlfield><datafield ind1=" " ind2=" " tag="040"><subfield code="a">IFIN-HH</subfield></datafield><datafield ind1=" " ind2=" " tag="080"><subfield code="a">537.56(061.3)</subfield></datafield><datafield ind1="1" ind2=" " tag="100"><subfield code="a">Pichler, G</subfield></datafield><datafield ind1="1" ind2="0" tag="245"><subfield code="a">The physics of ionized gases</subfield><subfield code="b">Invited lecturers, review reports and progress reports of spig-82, zagreb, yugoslavia</subfield><subfield code="c">G. pichler (ed.)</subfield></datafield><datafield ind1=" " ind2=" " tag="260"><subfield code="a">Zagreb</subfield><subfield code="b">Institute Of Physics</subfield><subfield code="c">1982</subfield></datafield><datafield ind1=" " ind2=" " tag="300"><subfield code="a">575P</subfield></datafield><datafield ind1=" " ind2=" " tag="852"><subfield code="a">73945</subfield><subfield code="c">537.52</subfield></datafield><datafield ind1=" " ind2=" " tag="CAT"><subfield code="a">Sys</subfield><subfield code="c">20110804</subfield><subfield code="h">145117</subfield></datafield></record></collection>